<record><leader>00000cas a2200000 a 4500</leader><controlfield tag="001">12608297</controlfield><controlfield tag="008">850927d18901980ksuwr ne      0    0eng d</controlfield><datafield ind1=" " ind2=" " tag="010"><subfield code="a">sn 85030798 </subfield></datafield><datafield ind1=" " ind2=" " tag="040"><subfield code="a">KSH</subfield><subfield code="b">eng</subfield><subfield code="c">KSH</subfield><subfield code="d">NPT</subfield><subfield code="d">OCL</subfield><subfield code="d">OCLCQ</subfield></datafield><datafield ind1=" " ind2=" " tag="042"><subfield code="a">msc</subfield></datafield><datafield ind1="0" ind2="4" tag="245"><subfield code="a">The Gypsum advocate.</subfield></datafield><datafield ind1=" " ind2=" " tag="260"><subfield code="a">Gypsum City, Kan. :</subfield><subfield code="b">J. Wayne Amos,</subfield><subfield code="c">-1980.</subfield></datafield><datafield ind1=" " ind2=" " tag="300"><subfield code="a">v. :</subfield><subfield code="b">ill. ;</subfield><subfield code="c">59 cm.</subfield></datafield><datafield ind1=" " ind2=" " tag="310"><subfield code="a">Weekly</subfield></datafield><datafield ind1="0" ind2=" " tag="362"><subfield code="a">-v. 94, no. 24 (Feb. 6 [i.e. 7], 1980).</subfield></datafield><datafield ind1="1" ind2=" " tag="362"><subfield code="a">Began in Aug. 1890.</subfield></datafield><datafield ind1=" " ind2=" " tag="500"><subfield code="a">Publisher varies.</subfield></datafield><datafield ind1=" " ind2=" " tag="500"><subfield code="a">Issues for July 24-Oct. 2, 1958 have section called: Hope department.</subfield></datafield><datafield ind1=" " ind2=" " tag="580"><subfield code="a">Issued with: Hope dispatch (Hope, Kan. : 1904) May 29-July 17, 1958.</subfield></datafield><datafield ind1=" " ind2=" " tag="588"><subfield code="a">Description based on: Vol. 5, no. 7 (Aug. 29, 1890).</subfield></datafield><datafield ind1=" " ind2=" " tag="752"><subfield code="a">United States</subfield><subfield code="b">Kansas</subfield><subfield code="c">Saline</subfield><subfield code="d">Gypsum.</subfield></datafield><datafield ind1=" " ind2=" " tag="752"><subfield code="a">United States</subfield><subfield code="b">Kansas</subfield><subfield code="c">Saline</subfield><subfield code="d">Gypsum City.</subfield></datafield><datafield ind1="1" ind2=" " tag="777"><subfield code="t">Hope dispatch (Hope, Kan. : 1904)</subfield><subfield code="w">(OCoLC)11106105</subfield></datafield><datafield ind1="0" ind2="0" tag="780"><subfield code="t">Gypsum Valley echo</subfield><subfield code="w">(DLC)sn 85031935</subfield></datafield><datafield ind1="0" ind2="5" tag="780"><subfield code="t">Carlton tribune</subfield><subfield code="g">Sept. 1914</subfield><subfield code="w">(OCoLC)11087248</subfield></datafield><datafield ind1="0" ind2="4" tag="785"><subfield code="t">Lindsborg news-record</subfield><subfield code="w">(OCoLC)11898056</subfield></datafield><datafield ind1="1" ind2=" " tag="029"><subfield code="a">AU@</subfield><subfield code="b">000022172972</subfield></datafield></record>